<?xml version="1.0" encoding="UTF-8"?><collection xmlns="http://www.loc.gov/MARC21/slim"><record><leader>00475nam--2200169-u-4500</leader><controlfield tag="001">000054884</controlfield><controlfield tag="002">20161230</controlfield><controlfield tag="005">20161230201051</controlfield><controlfield tag="008">120626s1000------------r-----000-0-eng-d</controlfield><datafield ind1=" " ind2=" " tag="040"><subfield code="a">IFIN-HH</subfield></datafield><datafield ind1=" " ind2=" " tag="080"><subfield code="a">539.171.112(043)</subfield></datafield><datafield ind1="1" ind2=" " tag="100"><subfield code="a">Wolff, B</subfield></datafield><datafield ind1="1" ind2="0" tag="245"><subfield code="a">Further rezults on the interference between the (.) decay of hl and ks</subfield><subfield code="b">Article principal</subfield><subfield code="c">B. wolff</subfield></datafield><datafield ind1=" " ind2=" " tag="260"><subfield code="a">Paris</subfield><subfield code="b">Universite</subfield><subfield code="c">1971</subfield></datafield><datafield ind1=" " ind2=" " tag="300"><subfield code="a">10P</subfield></datafield><datafield ind1=" " ind2=" " tag="852"><subfield code="a">77771</subfield><subfield code="c">539.17</subfield></datafield><datafield ind1=" " ind2=" " tag="CAT"><subfield code="a">Sys</subfield><subfield code="c">20120626</subfield><subfield code="h">124138</subfield></datafield></record></collection>